% Encoding: UTF-8

@Book{Borrelli2017,
  title     = {Predictive control for linear and hybrid systems},
  publisher = {Cambridge University Press},
  year      = {2017},
  author    = {Borrelli, Francesco and Bemporad, Alberto and Morari, Manfred},
}

@Article{Sturzenegger2016,
  author    = {Sturzenegger, David and Gyalistras, Dimitrios and Morari, Manfred and Smith, Roy S},
  title     = {Model Predictive Climate Control of a Swiss Office Building: Implementation, Results, and Cost--Benefit Analysis},
  journal   = {IEEE Transactions on Control Systems Technology},
  year      = {2016},
  volume    = {24},
  number    = {1},
  pages     = {1--12},
  publisher = {IEEE},
}

@Book{Rajamani2011,
  title     = {Vehicle dynamics and control},
  publisher = {Springer Science \& Business Media},
  year      = {2011},
  author    = {Rajamani, Rajesh},
}

@InProceedings{Hewing2018,
  author       = {Hewing, Lukas and Liniger, Alexander and Zeilinger, Melanie N},
  title        = {Cautious NMPC with gaussian process dynamics for autonomous miniature race cars},
  booktitle    = {2018 European Control Conference (ECC)},
  year         = {2018},
  pages        = {1341--1348},
  organization = {IEEE},
}

@Article{Hochreiter1997,
  author    = {Hochreiter, Sepp and Schmidhuber, J{\"u}rgen},
  title     = {Long short-term memory},
  journal   = {Neural computation},
  year      = {1997},
  volume    = {9},
  number    = {8},
  pages     = {1735--1780},
  publisher = {MIT Press},
}

@Article{Lipton2015,
  author  = {Lipton, Zachary C and Berkowitz, John and Elkan, Charles},
  title   = {A critical review of recurrent neural networks for sequence learning},
  journal = {arXiv preprint arXiv:1506.00019},
  year    = {2015},
}

@Article{Bojarski2016,
  author        = {Bojarski, Mariusz and Del Testa, Davide and Dworakowski, Daniel and Firner, Bernhard and Flepp, Beat and Goyal, Prasoon and Jackel, Lawrence D and Monfort, Mathew and Muller, Urs and Zhang, Jiakai and others},
  title         = {End to end learning for self-driving cars},
  journal       = {arXiv preprint arXiv:1604.07316},
  year          = {2016},
  __markedentry = {[Achin:]},
}

@Article{Levine2016,
  author        = {Levine, Sergey and Finn, Chelsea and Darrell, Trevor and Abbeel, Pieter},
  title         = {End-to-end training of deep visuomotor policies},
  journal       = {The Journal of Machine Learning Research},
  year          = {2016},
  volume        = {17},
  number        = {1},
  pages         = {1334--1373},
  __markedentry = {[Achin:6]},
  publisher     = {JMLR. org},
}

@Comment{jabref-meta: databaseType:bibtex;}
